@article{okada1984,
  author = {Okada, Y. and Tokumaru, Y.},
  title = {Precise determination of lattice parameter and thermal expansion coefficient of silicon between 300 and 1500 {K}},
  journal = {Journal of Applied Physics},
  volume = {56},
  number = {2},
  pages = {314--320},
  year = {1984},
  doi = {10.1063/1.333965}
}


@article{murnaghan1944,
  author = {Murnaghan, F. D.},
  title = {The Compressibility of Media under Extreme Pressures},
  journal = {Proceedings of the National Academy of Sciences},
  volume = {30},
  number = {9},
  pages = {244--247},
  year = {1944},
  doi = {10.1073/pnas.30.9.244}
}

@book{wyckoff1963,
  author = {Wyckoff, R. W. G.},
  title = {Crystal Structures},
  edition = {2nd},
  volume = {1},
  publisher = {Interscience Publishers},
  address = {New York},
  year = {1963}
}

@article{Junquera2001,
  author = {J. Junquera et al.},
  title = {Numerical atomic orbitals for linear-scaling calculations},
  journal = {PHYSICAL REVIEW B},
  volume = {64},
  year = {2001}
}

@article{wortman1965,
  author = {Wortman, J. J. and Evans, R. A.},
  title = {Young's Modulus, Shear Modulus, and {Poisson's} Ratio in Silicon and Germanium},
  journal = {Journal of Applied Physics},
  volume = {36},
  number = {1},
  pages = {153--156},
  year = {1965},
  doi = {10.1063/1.1713863}
}

@misc{materialsproject,
  author = {{Materials Project}},
  title = {mp-149: {Si} (Silicon)},
  howpublished = {\url{https://materialsproject.org/materials/mp-149}},
  year = {2024},
  note = {Accessed: 2024}
}

@article{madelung2004,
  author = {Madelung, O.},
  title = {Semiconductors: Data Handbook},
  journal = {Springer},
  edition = {3rd},
  year = {2004},
  publisher = {Springer-Verlag Berlin Heidelberg},
  isbn = {978-3-540-40488-0}
}

@book{kittel2005,
  author = {Kittel, Charles},
  title = {Introduction to Solid State Physics},
  edition = {8th},
  publisher = {John Wiley \& Sons},
  year = {2005},
  isbn = {978-0-471-41526-8}
}

@book{yu2010fundamentals,
  author = {Yu, Peter Y. and Cardona, Manuel},
  title = {Fundamentals of Semiconductors: Physics and Materials Properties},
  edition = {4th},
  publisher = {Springer-Verlag},
  address = {Berlin Heidelberg},
  year = {2010},
  isbn = {978-3-642-00709-5}
}

@article{setyawan2010,
  author = {Setyawan, Wahyu and Curtarolo, Stefano},
  title = {High-throughput electronic band structure calculations: Challenges and tools},
  journal = {Computational Materials Science},
  volume = {49},
  number = {2},
  pages = {299--312},
  year = {2010},
  doi = {10.1016/j.commatsci.2010.05.010}
}

@article{green1990,
  author = {Green, M. A.},
  title = {Intrinsic concentration, effective densities of states, and effective mass in silicon},
  journal = {Journal of Applied Physics},
  volume = {67},
  number = {6},
  pages = {2944--2954},
  year = {1990},
  doi = {10.1063/1.345414}
}

@article{perdew2017,
  author = {Perdew, John P. and Yang, Weitao and Burke, Kieron and Yang, Zenghui and Gross, Eberhard K. U. and Scheffler, Matthias and Scuseria, Gustavo E. and Henderson, Thomas M. and Zhang, Igor Ying and Ruzsinszky, Adrienn and Peng, Haowei and Sun, Jianwei and Trushin, Egor and Görling, Andreas},
  title = {Understanding band gaps of solids in generalized {Kohn–Sham} theory},
  journal = {Proceedings of the National Academy of Sciences},
  volume = {114},
  number = {11},
  pages = {2801--2806},
  year = {2017},
  doi = {10.1073/pnas.1621352114}
}

@article{chelikowsky1976,
  author = {Chelikowsky, James R. and Cohen, Marvin L.},
  title = {Nonlocal pseudopotential calculations for the electronic structure of eleven diamond and zinc-blende semiconductors},
  journal = {Physical Review B},
  volume = {14},
  number = {2},
  pages = {556--582},
  year = {1976},
  doi = {10.1103/PhysRevB.14.556}
}

@book{ashcroft_mermin_1976,
  title={Solid State Physics},
  author={Ashcroft, Neil W and Mermin, N David},
  year={1976},
  publisher={Holt, Rinehart and Winston},
  address={New York}
}

@article{hohenberg_kohn_1964,
  title={Inhomogeneous Electron Gas},
  author={Hohenberg, Pierre and Kohn, Walter},
  journal={Physical Review},
  volume={136},
  number={3B},
  pages={B864--B871},
  year={1964},
  publisher={American Physical Society}
}

@article{kohn_sham_1965,
  title={Self-Consistent Equations Including Exchange and Correlation Effects},
  author={Kohn, Walter and Sham, Lu J.},
  journal={Physical Review},
  volume={140},
  number={4A},
  pages={A1133--A1138},
  year={1965},
  publisher={American Physical Society}
}

@article{qe_2009,
    author={Giannozzi, P. and Baroni, S. and Bonini, N. and Calandra, M. and Car, R. and Cavazzoni, C. and Ceresoli, D. and Chiarotti, G. L. and Cococcioni, M. and Dabo, I. and Dal Corso, A. and de Gironcoli, S. and Fabris, S. and Fratesi, G. and Gebauer, R. and Gerstmann, U. and Gougoussis, C. and Kokalj, A. and Lazzeri, M. and Martin-Samos, L. and Marzari, N. and Mauri, F. and Mazzarello, R. and Paolini, S. and Pasquarello, A. and Paulatto, L. and Sbraccia, C. and Scandolo, S. and Sclauzero, G. and Seitsonen, A. P. and Smogunov, A. and Umari, P. and Wentzcovitch, R. M.},
    title={{QUANTUM ESPRESSO: a modular and open-source software project for quantum simulations of materials}},
    journal={Journal of Physics: Condensed Matter},
    volume={21},
    number={39},
    pages={395502},
    year={2009},
    doi={10.1088/0953-8984/21/39/395502}
}

@article{qe_2017,
    author={Giannozzi, P. and Andreussi, O. and Brumme, T. and Bunau, O. and Buongiorno Nardelli, M. and Calandra, M. and Car, R. and Cavazzoni, C. and Ceresoli, D. and Cococcioni, M. and Colonna, N. and Carnimeo, I. and Dal Corso, A. and de Gironcoli, S. and Delugas, P. and Di Stasio, R. A. and Ferretti, A. and Floris, A. and Fratesi, G. and Fugallo, G. and Gebauer, R. and Gerstmann, U. and Giustino, F. and Gorni, T. and Jia, J. and Kawamura, M. and Ko, H.-Y. and Kokalj, A. and K\"{u}\c{c}\"{u}kbenli, E. and Lazzeri, M. and Marsili, M. and Marzari, N. and Mauri, F. and Nguyen, N. L. and O\u{g}uz, H. and Pizzi, G. and Posternak, M. and Rocca, D. and Sabatini, R. and Santra, B. and Schlipf, M. and Seitsonen, A. P. and Smogunov, A. and Timrov, I. and Thonhauser, T. and Umari, P. and Vast, N. and Wu, X. and Baroni, S.},
    title={{Advanced capabilities for materials modelling with Quantum ESPRESSO}},
    journal={Journal of Physics: Condensed Matter},
    volume={29},
    number={46},
    pages={465901},
    year={2017},
    doi={10.1088/1361-648x/aa8f79}
}

@article{savitzky_golay_1964,
  title={Smoothing and Differentiation of Data by Simplified Least Squares Procedures.},
  author={Savitzky, Abraham and Golay, Marcel J. E.},
  journal={Analytical Chemistry},
  volume={36},
  number={8},
  pages={1627--1639},
  year={1964},
  doi={10.1021/ac60214a047}
}

@book{sze_2006,
  title={Physics of Semiconductor Devices},
  author={Sze, Simon M. and Ng, Kwok K.},
  pages={789},
  year={2006},
  edition={3rd},
  publisher={John Wiley \& Sons},
  address={Hoboken, NJ}
}

@article{macfarlane_1958,
  title={Fine Structure in the Absorption-Edge Spectrum of Si},
  author={Macfarlane, G. G. and McLean, T. P. and Quarrington, J. E. and Roberts, V.},
  journal={Physical Review},
  volume={111},
  number={5},
  year={1958},
  publisher={American Physical Society}
}

@article{perdew_zunger_1981,
  title={Self-interaction correction to density-functional approximations for many-electron systems},
  author={Perdew, J. P. and Zunger, Alex},
  journal={Physical Review B},
  volume={23},
  number={10},
  pages={5048--5079},
  year={1981},
  publisher={American Physical Society}
}

@book{kittel_2005,
  title={Introduction to Solid State Physics},
  author={Kittel, Charles},
  year={2005},
  pages={95-99},
  edition={8th},
  publisher={John Wiley \& Sons},
  address={Hoboken, NJ}
}

@article{dolling_1963,
  title={Lattice Vibrations in Crystals with the Diamond Structure},
  author={Dolling, G.},
  journal={Inelastic Scattering of Neutrons in Solids and Liquids, Vol. II},
  pages={37--48},
  year={1963},
  publisher={IAEA, Vienna}
}

@article{temple_1971,
  title={Raman and Brillouin Scattering in Silicon},
  author={Temple, P. A. and Hathaway, C. E.},
  journal={Physical Review B},
  volume={7},
  number={8},
  pages={3685--3697},
  year={1973},
  publisher={American Physical Society}
}



%---not checked



@article{pbe_1996,
  title={Generalized Gradient Approximation Made Simple},
  author={Perdew, John P. and Burke, Kieron and Ernzerhof, Matthias},
  journal={Physical Review Letters},
  volume={77},
  number={18},
  pages={3865--3868},
  year={1996},
  publisher={American Physical Society}
}

@article{xcrysden,
  title={{XCrySDen---a new program for displaying crystalline structures and electron densities}},
  author={Kokalj, Anton},
  journal={Journal of Molecular Graphics and Modelling},
  volume={17},
  number={3-4},
  pages={176--179},
  year={1999},
  publisher={Elsevier}
}

@article{okada1984,
  title={Precise determination of the lattice parameter and thermal expansion coefficient of silicon between 300 and 1500 K},
  author={Okada, Yasumasa and Tokumaru, Yozo},
  journal={Journal of Applied Physics},
  volume={56},
  number={2},
  pages={314--320},
  year={1984}
}

@article{mcskimin1964,
  title={Elastic Moduli of Silicon vs Hydrostatic Pressure at 25 C and -195.8 C},
  author={McSkimin, H. J. and Andreatch, P.},
  journal={Journal of Applied Physics},
  volume={35},
  number={7},
  pages={2161--2165},
  year={1964}
}

@article{haas2009,
  title={Calculation of lattice constants of solids with density functional theory},
  author={Haas, Philipp and Tran, Fabien and Blaha, Peter},
  journal={Physical Review B},
  volume={79},
  number={8},
  pages={085104},
  year={2009}
}
